@misc{kn_2021,
	author = {Katia Nachiluk},
	title = {Alta na {P}rodução e {E}xportações de {A}çúcar {M}arcam a {S}afra 2020/21 de {C}ana},
	year = 2021,
	url = {http://www.iea.sp.gov.br/out/TerTexto.php?codTexto=15925#:~:text=O\%20Brasil\%20\%C3\%A9\%20o\%20maior,de\%20litros\%20de\%20etanol1},
	urldate = {},
}

@misc{am_2021,
	author = {Aline Merladete},
	title = {Brasil é o {M}aior {P}rodutor de {F}rutas {C}ítricas},
	year = 2021,
	url = {https://www.agrolink.com.br/noticias/brasil-e-o-maior-produtor-de-frutas-citricas_454978.html#:~:text=\%22A\%20\%C3\%A1rea\%20de\%20cultivo\%20dos,12\%2C1\%20bilh\%C3\%B5es\%20aos\%20agricultores},
	urldate = {},
}

@article{mp_lb_rb_2005,
  author  = {Magda S. Peixoto and 
            Laécio C. Barros and
            Rodney C. Bassanezi},
  title   = {Um {M}odelo {P}resa-{P}redador e a {M}orte {S}úbita dos {C}itros},
  journal = {Biomatemática},
  volume  = {},
  pages   = {53--66},
  year    = {2005},
  url     = {http://www.ime.unicamp.br/~biomat/bio15art5.pdf},
  doi     = {}
}

@article{lr_so_dm_2013,
  author  = {Luiz A. Díaz Rodrigues and
            Simone Ossani and
            Diomar C. Mistro},
  title   = {Dinâmica de um sistema presa-predador com
predador infectado por uma doença},
  journal = {Biomatemática},
  volume  = {},
  pages   = {57--80},
  year    = {2013},
  url     = {http://www.ime.unicamp.br/~biomat/bio23_art5.pdf},
  doi     = {}
}

@article{ij_al_2017,
  author  = {I. de Jesus and
             A. D. Lima},
  title   = {Modelo {M}atemático {P}resa-{P}redador {L}otka-{V}olterra no {C}ontrole de {P}ragas da {C}ana-de-açúcar},
  journal = {Universidade de Uberaba, Departamento de Engenharia Química},
  volume  = {},
  pages   = {},
  year    = {2017},
  url     = {https://repositorio.uniube.br/handle/123456789/888},
  doi     = {}
}

@article{gs_rg_2020,
  author  = {Graciele P. Silveira and
             Raphael de O. Garcia},
  title   = {Análise das {S}oluções {N}uméricas do {M}odelo do {T}ipo {P}resa-{P}redador de {H}olling-{T}anner},
  journal = {Revista Eletrônica Paulista de Matemática},
  volume  = {17},
  pages   = {},
  year    = {2020},
  url     = {https://www.fc.unesp.br/Home/Departamentos/Matematica/revistacqd2228/v17a07-analise-das-solucoes-numericas-do.pdf},
  doi     = {}
}

@article{id_mg_r_2021,
  author  = {Ismail Djakaria and
             Muhammad Bachtiar Gaib, Resmawan},
  title   = {Analysis of {T}he {R}osenzweig-{M}ac{A}rthur {P}redator-{P}rey {M}odel with {A}nti-{P}redator {B}ehavior},
  journal = {CAUCHY –Jurnal Matematika Murni dan Aplikasi
},
  volume  = {6},
  pages   = {260--269},
  year    = {2021},
  url     = {https://www.researchgate.net/publication/351747890_Analysis_of_The_Rosenzweig-MacArthur_Predator-Prey_Model_with_Anti-Predator_Behavior},
  doi     = {}
}

@article{vn_rf_2021,
  author  = {Viviane Noronha and
             Rosana Ferreira},
  title   = {Estudo de um {M}odelo {M}atemático {A}plicado ao {C}ontrole {B}iológico da {C}eratitis capitata ({W}iedemann) ({D}iptera: {T}ephritidae) pelo {D}iachasmimorpha longicaudata (ashmead) (hymenoptera: braconidae) na {F}ruticultura {B}rasileira},
  journal = {Revista Eletrônica Perspectivas da Ciência e Tecnologia},
  volume  = {9},
  pages   = {},
  year    = {2017},
  url     = {https://revistascientificas.ifrj.edu.br/revista/index.php/revistapct/article/view/789},
  doi     = {}
}

@phdthesis{ij_2018,
    title    = {Equações de {L}otka-{V}olterra {A}plicadas ao {C}ontrole {B}iológico da {B}roca da {C}ana-de-açúcar},
    school   = {Universidade de Uberaba},
    author   = {Isaías de Jesus},
    year     = {2018},
    url = {http://dspace.uniube.br:8080/jspui/handle/123456789/866}
}


