% http://www.iea.sp.gov.br/out/TerTexto.php?codTexto=15925#:~:text=O%20Brasil%20%C3%A9%20o%20maior,de%20litros%20de%20etanol1.

% https://www.agrolink.com.br/noticias/brasil-e-o-maior-produtor-de-frutas-citricas_454978.html#:~:text=%22A%20%C3%A1rea%20de%20cultivo%20dos,12%2C1%20bilh%C3%B5es%20aos%20agricultores.

@article{mp_lb_rb_2005,
  author  = {Magda S. Peixoto, 
            Laécio C. Barros, 
            Rodney C. Bassanezi},
  title   = {Um Modelo Presa-Predador e a Morte Súbita dos Citros},
  journal = {Biomatemática},
  volume  = {},
  pages   = {53--66},
  year    = {2005},
  url     = {http://www.ime.unicamp.br/~biomat/bio15art5.pdf},
  doi     = {}
}

@article{ij_al_2017,
  author  = {I. JESUS, A. D. LIMA},
  title   = {Modelo Matemático presa-predador Lotka-Volterra no controle de pragas da cana-de-açúcar},
  journal = {Universidade de Uberaba, Departamento de Engenharia Química},
  volume  = {},
  pages   = {},
  year    = {2017},
  url     = {https://repositorio.uniube.br/handle/123456789/888},
  doi     = {}
}

@article{gs_rg_2020,
  author  = {Graciele P. Silveira, Raphael de O. Garcia},
  title   = {Análise das soluções numéricas do modelo do tipo presa-predador de Holling-Tanner},
  journal = {Revista Eletrônica Paulista de Matemática},
  volume  = {17},
  pages   = {},
  year    = {2020},
  url     = {https://www.fc.unesp.br/Home/Departamentos/Matematica/revistacqd2228/v17a07-analise-das-solucoes-numericas-do.pdf},
  doi     = {}
}

@article{id_mg_r_2021,
  author  = {Ismail Djakaria, Muhammad Bachtiar Gaib, Resmawan},
  title   = {Analysis of The Rosenzweig-MacArthur Predator-Prey Model with Anti-Predator Behavior},
  journal = {CAUCHY –Jurnal Matematika Murni dan Aplikasi
},
  volume  = {6},
  pages   = {260--269},
  year    = {2021},
  url     = {https://www.researchgate.net/publication/351747890_Analysis_of_The_Rosenzweig-MacArthur_Predator-Prey_Model_with_Anti-Predator_Behavior},
  doi     = {}
}

@article{vn_rf_2021,
  author  = {Viviane Noronha; Rosana Ferreira},
  title   = {Estudo de um Modelo Matemático Aplicado ao Controle Biológico da Ceratitis capitata (Wiedemann) (Diptera: Tephritidae) pelo Diachasmimorpha longicaudata (ashmead) (hymenoptera: braconidae) na Fruticultura Brasileira},
  journal = {Revista Eletrônica Perspectivas da Ciência e Tecnologia},
  volume  = {9},
  pages   = {},
  year    = {2017},
  url     = {https://revistascientificas.ifrj.edu.br/revista/index.php/revistapct/article/view/789},
  doi     = {}
}


